<?xml version="1.0" encoding="UTF-8"?><collection xmlns="http://www.loc.gov/MARC21/slim"><record><leader>00432nam--2200145-i-4500</leader><controlfield tag="001">000014500</controlfield><controlfield tag="002">20161230</controlfield><controlfield tag="005">20170208001800</controlfield><controlfield tag="008">060222s1000------------r-----000-0-eng-d</controlfield><datafield ind1=" " ind2=" " tag="100"><subfield code="a">Carriere, Yves</subfield></datafield><datafield ind1=" " ind2=" " tag="245"><subfield code="a">Flots riemannies et feuilletages geodesibles de condimension un</subfield><subfield code="b">these</subfield></datafield><datafield ind1=" " ind2=" " tag="260"><subfield code="a">Lille</subfield><subfield code="b">Universite Des Sciences Et Techniques</subfield><subfield code="c">1981</subfield></datafield><datafield ind1=" " ind2=" " tag="300"><subfield code="a">90 p</subfield></datafield><datafield ind1=" " ind2=" " tag="852"><subfield code="a">514.764.2:517.577(043)</subfield></datafield><datafield ind1=" " ind2=" " tag="CAT"><subfield code="a">SYS</subfield><subfield code="c">20170208</subfield><subfield code="h">001800</subfield></datafield></record></collection>